@inproceedings{Cuervo:2010:MMS:1814433.1814441,
 author = {Cuervo, Eduardo and Balasubramanian, Aruna and Cho, Dae-ki and Wolman, Alec and Saroiu, Stefan and Chandra, Ranveer and Bahl, Paramvir},
 title = {MAUI: Making Smartphones Last Longer with Code Offload},
 booktitle = {Proceedings of the 8th International Conference on Mobile Systems, Applications, and Services},
 series = {MobiSys '10},
 year = {2010},
 isbn = {978-1-60558-985-5},
 location = {San Francisco, California, USA},
 pages = {49--62},
 numpages = {14},
 url = {http://doi.acm.org/10.1145/1814433.1814441},
 doi = {10.1145/1814433.1814441},
 acmid = {1814441},
 publisher = {ACM},
 address = {New York, NY, USA},
 keywords = {code offload, energy management, partitioning, smartphones},
} 

@misc{dalvikvm,
  title = {{DanvikVM}},
  howpublished = {\url{https://github.com/android/platform_dalvik}},
  note = {Accessed: 2015-05-20}
}

@INPROCEEDINGS{Scavenger:5466972, 
  author={Kristensen, M.D.}, 
  booktitle={Pervasive Computing and Communications (PerCom), 2010 IEEE International Conference on}, 
  title={Scavenger: Transparent development of efficient cyber foraging applications}, 
  year={2010}, 
  month={March}, 
  pages={217-226}, 
  keywords={mobile computing;parallel algorithms;cyber foraging application;distributed computing;mobile computing;parallel computing;pervasive computing technique;scavenger system;Application software;Batteries;Central Processing Unit;Machinery;Mobile computing;Parallel processing;Pervasive computing;Processor scheduling;Programming profession;Smart phones;Distributed systems;mobile environments;pervasive computing}, 
  doi={10.1109/PERCOM.2010.5466972},
}

@INPROCEEDINGS{Schulman10bartendr:a,
    author = {Aaron Schulman and Vishnu Navda and Ran Ramjee and Neil Spring and Pralhad Deshp and Calvin Grunewald and Kamal Jain and Venkata N. Padmanabhan},
    title = {Bartendr: A Practical Approach to Energy-aware Cellular Data Scheduling},
    booktitle = {In Mobicom},
    year = {2010}
}
@MISC{Sharma_cool-tether:energy,
    author = {Ashish Sharma and Vishnu Navda and Ran Ramjee and Venkata N. Padmanabhan and Elizabeth M. Belding Abstract},
    title = {Cool-Tether: Energy Efficient On-the-fly WiFi Hot-spots using Mobile Phones},
    year = {}
}
@INPROCEEDINGS{5766635, 
author={Hoque, M.A. and Siekkinen, M. and Nurminen, J.K.}, 
booktitle={Consumer Communications and Networking Conference (CCNC), 2011 IEEE}, 
title={On the energy efficiency of proxy-based traffic shaping for mobile audio streaming}, 
year={2011}, 
month={Jan}, 
pages={891-895}, 
keywords={audio streaming;mobile handsets;multimedia communication;telecommunication traffic;transport protocols;3G access;TCP flow control;WLAN access;active mode;audio stream rate;bit rate multimedia traffic;energy efficiency;energy savings;idle-sleep mode;mobile audio streaming;mobile devices;mobile network interfaces;power savings;proxy-based traffic shaping;Internet;Mobile communication;Mobile handsets;Power demand;Servers;Streaming media;Wireless LAN;3G;Fast Streaming;Power Consumption;Proxy;TCP;Traffic Shaping}, 
doi={10.1109/CCNC.2011.5766635},}


@inproceedings{Chun:2011:CEE:1966445.1966473,
 author = {Chun, Byung-Gon and Ihm, Sunghwan and Maniatis, Petros and Naik, Mayur and Patti, Ashwin},
 title = {CloneCloud: Elastic Execution Between Mobile Device and Cloud},
 booktitle = {Proceedings of the Sixth Conference on Computer Systems},
 series = {EuroSys '11},
 year = {2011},
 isbn = {978-1-4503-0634-8},
 location = {Salzburg, Austria},
 pages = {301--314},
 numpages = {14},
 url = {http://doi.acm.org/10.1145/1966445.1966473},
 doi = {10.1145/1966445.1966473},
 acmid = {1966473},
 publisher = {ACM},
 address = {New York, NY, USA},
 keywords = {migration, mobile cloud computing, offloading, partitioning, smartphones},
} 

@inproceedings{kosta2012thinkair,
  title={Thinkair: Dynamic resource allocation and parallel execution in the cloud for mobile code offloading},
  author={Kosta, Sokol and Aucinas, Andrius and Hui, Pan and Mortier, Richard and Zhang, Xinwen},
  booktitle={INFOCOM, 2012 Proceedings IEEE},
  pages={945--953},
  year={2012},
  organization={IEEE}
}

@INPROCEEDINGS{6606420, 
author={Corral, L. and Georgiev, A.B. and Sillitti, A. and Succi, G.}, 
booktitle={Green and Sustainable Software (GREENS), 2013 2nd International Workshop on}, 
title={A method for characterizing energy consumption in Android smartphones}, 
year={2013}, 
month={May}, 
pages={38-45}, 
keywords={energy consumption;optimisation;power aware computing;smart phones;Android application;Android smartphones;autonomy requirements;cellular phones;computing capabilities;device operational status;energy consumption;energy optimization profiles;energy utilization;market penetration;mobile devices;operating system;parameters surveying;tablets;Batteries;Cellular phones;Energy consumption;Kernel;Program processors;Smart phones;Android;Applications;Energy;Measurement;Mobile;Power;Smartphone}, 
doi={10.1109/GREENS.2013.6606420},}

@article{ehringer2010dalvik,
  title={The dalvik virtual machine architecture},
  author={Ehringer, David},
  journal={Techn. report (March 2010)},
  volume={4},
  year={2010}
}

@misc{digitalocean,
  title = {DigitalOcean},
  howpublished = {\url{https://www.digitalocean.com/}},
  note = {Accessed: 2015-06-28}
}

@misc{androidavd,
  title = {Android AVD Manager},
  howpublished = {\url{http://developer.android.com/tools/help/avd-manager.html}},
  note = {Accessed: 2015-06-28}
}


@inproceedings{Shi:2014:CCO:2632951.2632958,
 author = {Shi, Cong and Habak, Karim and Pandurangan, Pranesh and Ammar, Mostafa and Naik, Mayur and Zegura, Ellen},
 title = {COSMOS: Computation Offloading As a Service for Mobile Devices},
 booktitle = {Proceedings of the 15th ACM International Symposium on Mobile Ad Hoc Networking and Computing},
 series = {MobiHoc '14},
 year = {2014},
 isbn = {978-1-4503-2620-9},
 location = {Philadelphia, Pennsylvania, USA},
 pages = {287--296},
 numpages = {10},
 url = {http://doi.acm.org/10.1145/2632951.2632958},
 doi = {10.1145/2632951.2632958},
 acmid = {2632958},
 publisher = {ACM},
 address = {New York, NY, USA},
 keywords = {computation offloading, intermittent connectivity, mobile devices, resource management},
} 
@inproceedings{Ha:2013:JPC:2462456.2464451,
 author = {Ha, Kiryong and Pillai, Padmanabhan and Richter, Wolfgang and Abe, Yoshihisa and Satyanarayanan, Mahadev},
 title = {Just-in-time Provisioning for Cyber Foraging},
 booktitle = {Proceeding of the 11th Annual International Conference on Mobile Systems, Applications, and Services},
 series = {MobiSys '13},
 year = {2013},
 isbn = {978-1-4503-1672-9},
 location = {Taipei, Taiwan},
 pages = {153--166},
 numpages = {14},
 url = {http://doi.acm.org/10.1145/2462456.2464451},
 doi = {10.1145/2462456.2464451},
 acmid = {2464451},
 publisher = {ACM},
 address = {New York, NY, USA},
 keywords = {Amazon EC2, VM synthesis, Wi-Fi, cloud computing, cloud offload, cloudlet, mobile computing, virtual machine, wireless},
} 
@INPROCEEDINGS{6162380, 
author={Esteves, R.G. and McCool, M.D. and Lemieux, C.}, 
booktitle={GLOBECOM Workshops (GC Wkshps), 2011 IEEE}, 
title={Real options for mobile communication management}, 
year={2011}, 
month={Dec}, 
pages={1241-1246}, 
keywords={mobile computing;mobility management (mobile radio);optimisation;mobile communication management;mobile computing devices;offload computation;optimization method;real options;remote server;wireless system;Batteries;Computer architecture;Delay;Kalman filters;Mobile communication;Mobile computing;Servers}, 
doi={10.1109/GLOCOMW.2011.6162380},}

@INPROCEEDINGS{5466972, 
author={Kristensen, M.D.}, 
booktitle={Pervasive Computing and Communications (PerCom), 2010 IEEE International Conference on}, 
title={Scavenger: Transparent development of efficient cyber foraging applications}, 
year={2010}, 
month={March}, 
pages={217-226}, 
keywords={mobile computing;parallel algorithms;cyber foraging application;distributed computing;mobile computing;parallel computing;pervasive computing technique;scavenger system;Application software;Batteries;Central Processing Unit;Machinery;Mobile computing;Parallel processing;Pervasive computing;Processor scheduling;Programming profession;Smart phones;Distributed systems;mobile environments;pervasive computing}, 
doi={10.1109/PERCOM.2010.5466972},}
@inproceedings{Balan:2003:TRE:1066116.1066125,
 author = {Balan, Rajesh Krishna and Satyanarayanan, Mahadev and Park, So Young and Okoshi, Tadashi},
 title = {Tactics-based Remote Execution for Mobile Computing},
 booktitle = {Proceedings of the 1st International Conference on Mobile Systems, Applications and Services},
 series = {MobiSys '03},
 year = {2003},
 location = {San Francisco, California},
 pages = {273--286},
 numpages = {14},
 url = {http://doi.acm.org/10.1145/1066116.1066125},
 doi = {10.1145/1066116.1066125},
 acmid = {1066125},
 publisher = {ACM},
 address = {New York, NY, USA},
} 
